ISA*00*          *00*          *ZZ*PAYERID        *ZZ*PROVIDERID     *250815*1234*U*00501*000000001*1*P*_~GS*HP*PAYERID*PROVIDERID*20250815*1234*1*X*005010X221A1~ST*835*0001~BPR*I*1500.00*C*ACH~TRN*1*1234567890*1234567890~N1*PR*INSURANCE COMPANY~N3*123 PAYER STREET~N4*PAYER CITY*CA*90210~N1*PE*PROVIDER CLINIC~N3*456 PROVIDER AVE~N4*PROVIDER CITY*TX*75001~LX*1~CLP*CLAIM001*1*1500.00*1200.00~NM1*QC*1*DOE*JOHN~SVC*HC:99213*300.00*240.00~SVC*HC:99214*600.00*480.00~SVC*HC:99215*600.00*480.00~SE*18*0001~GE*1*1~IEA*1*000000001~